@article{ refId0,
	author = {{Bertin, E.} and {Arnouts, S.}},
	title = {SExtractor: Software for source extraction},
	DOI= "10.1051/aas:1996164",
	url= "https://doi.org/10.1051/aas:1996164",
	journal = {Astron. Astrophys. Suppl. Ser.},
	year = 1996,
	volume = 117,
	number = 2,
	pages = "393-404",
}
